{
  "leader": "02268cas a2200541 a 4500",
  "fields": [
    {
      "001": "ocm05316473\\"
    },
    {
      "003": "OCoLC"
    },
    {
      "005": "20211119103851.0"
    },
    {
      "008": "790828d1954196ubl\\ar\\\\\\\\\\\\\\\\f0\\\\\\\\0por\\d"
    },
    {
      "010": {
        "ind1": "\\",
        "ind2": "\\",
        "subfields": [
          {
            "a": "sn 87027283 "
          }
        ]
      }
    },
    {
      "040": {
        "ind1": "\\",
        "ind2": "\\",
        "subfields": [
          {
            "a": "IUL"
          },
          {
            "b": "eng"
          },
          {
            "c": "IUL"
          },
          {
            "d": "OCL"
          },
          {
            "d": "RCS"
          },
          {
            "d": "NYG"
          },
          {
            "d": "DLC"
          },
          {
            "d": "OCL"
          },
          {
            "d": "NST"
          },
          {
            "d": "OCLCQ"
          },
          {
            "d": "OCLCF"
          },
          {
            "d": "OCLCO"
          },
          {
            "d": "EUW"
          },
          {
            "d": "OCLCO"
          },
          {
            "d": "OCLCQ"
          },
          {
            "d": "OCLCA"
          }
        ]
      }
    },
    {
      "012": {
        "ind1": "\\",
        "ind2": "\\",
        "subfields": [
          {
            "i": "8704"
          }
        ]
      }
    },
    {
      "016": {
        "ind1": "7",
        "ind2": "\\",
        "subfields": [
          {
            "a": "A27390000"
          },
          {
            "2": "DNLM"
          }
        ]
      }
    },
    {
      "019": {
        "ind1": "\\",
        "ind2": "\\",
        "subfields": [
          {
            "a": "1157746069"
          }
        ]
      }
    },
    {
      "035": {
        "ind1": "\\",
        "ind2": "\\",
        "subfields": [
          {
            "a": "(OCoLC)5316473"
          },
          {
            "z": "(OCoLC)1157746069"
          }
        ]
      }
    },
    {
      "041": {
        "ind1": "0",
        "ind2": "\\",
        "subfields": [
          {
            "a": "por"
          },
          {
            "b": "eng"
          }
        ]
      }
    },
    {
      "042": {
        "ind1": "\\",
        "ind2": "\\",
        "subfields": [
          {
            "a": "msc"
          }
        ]
      }
    },
    {
      "050": {
        "ind1": "\\",
        "ind2": "4",
        "subfields": [
          {
            "a": "QR1"
          },
          {
            "b": ".R58"
          }
        ]
      }
    },
    {
      "060": {
        "ind1": "0",
        "ind2": "4",
        "subfields": [
          {
            "a": "W1 AN1095"
          }
        ]
      }
    },
    {
      "082": {
        "ind1": "0",
        "ind2": "4",
        "subfields": [
          {
            "a": "589.95058"
          },
          {
            "b": "ANA"
          }
        ]
      }
    },
    {
      "130": {
        "ind1": "0",
        "ind2": "\\",
        "subfields": [
          {
            "a": "Anais de microbiologia (Universidade do Brasil. Instituto de Microbiologia)"
          }
        ]
      }
    },
    {
      "245": {
        "ind1": "1",
        "ind2": "0",
        "subfields": [
          {
            "a": "Anais de microbiologia."
          }
        ]
      }
    },
    {
      "260": {
        "ind1": "\\",
        "ind2": "\\",
        "subfields": [
          {
            "a": "Rio de Janeiro :"
          },
          {
            "b": "Instituto de Microbiologia, Universidade do Brasil,"
          },
          {
            "c": "1954-"
          }
        ]
      }
    },
    {
      "300": {
        "ind1": "\\",
        "ind2": "\\",
        "subfields": [
          {
            "a": "11 volumes :"
          },
          {
            "b": "illustrations ;"
          },
          {
            "c": "23 cm"
          }
        ]
      }
    },
    {
      "310": {
        "ind1": "\\",
        "ind2": "\\",
        "subfields": [
          {
            "a": "Annual"
          }
        ]
      }
    },
    {
      "336": {
        "ind1": "\\",
        "ind2": "\\",
        "subfields": [
          {
            "a": "text"
          },
          {
            "b": "txt"
          },
          {
            "2": "rdacontent"
          }
        ]
      }
    },
    {
      "337": {
        "ind1": "\\",
        "ind2": "\\",
        "subfields": [
          {
            "a": "unmediated"
          },
          {
            "b": "n"
          },
          {
            "2": "rdamedia"
          }
        ]
      }
    },
    {
      "338": {
        "ind1": "\\",
        "ind2": "\\",
        "subfields": [
          {
            "a": "volume"
          },
          {
            "b": "nc"
          },
          {
            "2": "rdacarrier"
          }
        ]
      }
    },
    {
      "362": {
        "ind1": "0",
        "ind2": "\\",
        "subfields": [
          {
            "a": "Vol. 3 (1954-1955)-"
          }
        ]
      }
    },
    {
      "525": {
        "ind1": "\\",
        "ind2": "\\",
        "subfields": [
          {
            "a": "Some volumes have supplements."
          }
        ]
      }
    },
    {
      "546": {
        "ind1": "\\",
        "ind2": "\\",
        "subfields": [
          {
            "a": "Most articles have English summaries."
          }
        ]
      }
    },
    {
      "580": {
        "ind1": "\\",
        "ind2": "\\",
        "subfields": [
          {
            "a": "Continues: Anais de microbiologia (Universidade do Brasil. Laboratoria de Microbiologia)."
          }
        ]
      }
    },
    {
      "580": {
        "ind1": "\\",
        "ind2": "\\",
        "subfields": [
          {
            "a": "Continued by: Universidade Federal (Rio de Janeiro) Instituto de Microbiologia. Anais de microbiologia."
          }
        ]
      }
    },
    {
      "650": {
        "ind1": "\\",
        "ind2": "0",
        "subfields": [
          {
            "a": "Microorganisms"
          },
          {
            "v": "Periodicals."
          }
        ]
      }
    },
    {
      "650": {
        "ind1": "\\",
        "ind2": "0",
        "subfields": [
          {
            "a": "Microbiology"
          },
          {
            "v": "Periodicals."
          }
        ]
      }
    },
    {
      "650": {
        "ind1": "\\",
        "ind2": "2",
        "subfields": [
          {
            "a": "Microbiology."
          }
        ]
      }
    },
    {
      "650": {
        "ind1": "\\",
        "ind2": "7",
        "subfields": [
          {
            "a": "Microbiology."
          },
          {
            "2": "fast"
          },
          {
            "0": "(OCoLC)fst01019576"
          }
        ]
      }
    },
    {
      "650": {
        "ind1": "\\",
        "ind2": "7",
        "subfields": [
          {
            "a": "Microorganisms."
          },
          {
            "2": "fast"
          },
          {
            "0": "(OCoLC)fst01019928"
          }
        ]
      }
    },
    {
      "655": {
        "ind1": "\\",
        "ind2": "7",
        "subfields": [
          {
            "a": "Periodicals."
          },
          {
            "2": "fast"
          },
          {
            "0": "(OCoLC)fst01411641"
          }
        ]
      }
    },
    {
      "710": {
        "ind1": "2",
        "ind2": "\\",
        "subfields": [
          {
            "a": "Universidade do Brasil."
          },
          {
            "b": "Instituto de Microbiologia."
          }
        ]
      }
    },
    {
      "776": {
        "ind1": "0",
        "ind2": "8",
        "subfields": [
          {
            "i": "Online version:"
          },
          {
            "t": "Anais de microbiologia (Universidade do Brasil. Instituto de Microbiologia)"
          },
          {
            "w": "(OCoLC)613202267"
          }
        ]
      }
    },
    {
      "780": {
        "ind1": "1",
        "ind2": "0",
        "subfields": [
          {
            "t": "Anais de microbiologia (Universidade do Brasil. Laboratorio de Microbiologia)"
          },
          {
            "g": "1951-1952/53"
          },
          {
            "w": "(OCoLC)1641242"
          },
          {
            "w": "(DLC)sn 87027288"
          }
        ]
      }
    },
    {
      "785": {
        "ind1": "0",
        "ind2": "0",
        "subfields": [
          {
            "a": "Universidade Federal (Rio de Janeiro) Instituto de Microbiologia."
          },
          {
            "t": "Anais de microbiologia"
          },
          {
            "w": "(DLC)sn 85005504"
          },
          {
            "w": "(OCoLC)2429455"
          }
        ]
      }
    },
    {
      "850": {
        "ind1": "\\",
        "ind2": "\\",
        "subfields": [
          {
            "a": "N"
          },
          {
            "a": "NjR"
          }
        ]
      }
    },
    {
      "936": {
        "ind1": "\\",
        "ind2": "\\",
        "subfields": [
          {
            "a": "1965"
          }
        ]
      }
    },
    {
      "994": {
        "ind1": "\\",
        "ind2": "\\",
        "subfields": [
          {
            "a": "Z0"
          },
          {
            "b": "NYRVC"
          }
        ]
      }
    },
    {
      "948": {
        "ind1": "\\",
        "ind2": "\\",
        "subfields": [
          {
            "h": "NO HOLDINGS IN NYRVC - 21 OTHER HOLDINGS"
          }
        ]
      }
    },
    {
      "999": {
        "ind1": "\\",
        "ind2": "\\",
        "subfields": [
          {
            "a": "no barcode"
          },
          {
            "v": "volume 11 Part a 1963"
          }
        ]
      }
    }
  ]
}